@book{徐晓平,
  author = {徐晓平},
  title = {线性代数2讲义},
  year = {2024},
  month = {1},
  publisher = {中国科学院大学},
  address = {北京},
}

@article{张春琳,  
  author={张春琳 and 周志伟 and 陈昕 and 祝培旺 and 肖刚 and 聂婧}, 
  title={塔槽耦合光热系统镜场效率研究}, 
  organization={中国电力工程顾问集团中南电力设计院 and 浙江大学}, 
  journal={热力发电}, 
  year={2022}, 
  volume={51}, 
  number={5}, 
  pages={41-47}, 
  month={5}, 
}