@book{电路原理,
  title = {电路原理},
  author = {于歆杰，朱佳萍，陆文娟},
  address = {北京},
  publisher = {清华大学出版社},
  year = {2007},
  month = {3},
  ISBN = {978-7-302-14677-3}
}

@book{电路原理导学导教,
  title = {电路原理导学导教及习题解答},
  author = {朱佳萍，于歆杰，陆文娟，刘秀成},
  address = {北京},
  publisher = {清华大学出版社},
  year = {2009},
  month = {3},
  ISBN = {978-7-302-19223-7}
}

@book{电路原理习题集,
  title = {电路原理学习指导与习题集},
  author = {朱佳萍，刘秀成，徐福嫒},
  edition = {2},
  address = {北京},
  publisher = {清华大学出版社},
  year = {2012},
  month = {5},
  ISBN = {978-7-302-27998-3}
} 

