@book{Optics,
  title = {Optics（中译版）},
  author = {(美) Eugene Hecht 著；秦克诚，林福成译},
  edition = {5},
  address = {北京},
  publisher = {电子工业出版社},
  year = {2019},
  month = {6},
  ISBN = {978-7-121-36467-9},
}

@book{PrinciplesOfOptics,
  title = {Principles of Optics: Electromagnetic Theory of Propagation, Interference and Diffraction of Light（中译版）},
  author = {(德) Born M.，(美) Wolf E. 著；杨葭荪译},
  edition = {7},
  address = {北京},
  publisher = {电子工业出版社},
  year = {2009},
  month = {10},
  ISBN = {978-7-121-09514-6},
}

@book{新概念物理教程,
  title = {新概念物理教程. 光学},
  author = {赵凯华},
  address = {北京},
  publisher = {高等教育出版社},
  year = {2004},
  month = {11},
  ISBN = {978-7-121-015562-1},
}

@book{光学课件,
author={奚婷婷}, 
title={光学 PPT 课件}, 
school={中国科学院大学}, 
year={2024}, 
type={教学课件}, 
month={9}, 
}

@book{物理光学,
  title = {物理光学},
  author = {梁铨廷},
  edition = {5},
  address = {北京},
  publisher = {电子工业出版社},
  year = {2018},
  month = {4},
  ISBN = {978-7-121-20441-8},
}



@mastersthesis{GHShift,
author={罗昌由}, 
title={电磁可控Goos-Hänchen位移理论研究}, 
school={湖南大学}, 
year={2015}, 
type={博士论文}, 
month={9}, 
}

 @mastersthesis{波带片的设计及其衍射特性研究,  
author={张斌智}, 
title={波带片的设计及其衍射特性研究}, 
school={浙江大学}, 
year={2010}, 
type={博士论文}, 
month={5}, 
}
