@book{FoM_BehzadRazavi,
  author = {Behzad Razavi},
  publisher = {University of California Press},
  edition = {2nd},
  title = {Fundamentals of Microelectronics},
  year = {2014}
}

@book{CMOS_BehzadRazavi,
  author = {Behzad Razavi},
  publisher = {McGraw-Hill Education},
  edition = {2nd},
  title = {Design of Analog CMOS  Integrated Circuits},
  year = {2017}
}
