@book{光学原理,
  title = {光学原理：光的传播、干涉和衍射的电磁理论},
  author = {Born M.，Wolf E.，杨葭荪译},
  address = {北京},
  publisher = {电子工业出版社},
  year = {2009},
  month = {10},
  edition = {7},
  ISBN = {978-7-121-09514-6},
}
（）(第 7 版).pdf