@book{热学,
  author = {刘玉鑫},
  title = {热学},
  year = {2016},
  publisher = {北京大学出版社},
  address = {北京},
  month = {4}
}

