@book{徐晓平,
  author = {徐晓平},
  title = {线性代数2讲义},
  year = {2024},
  month = {3},
  publisher = {中国科学院大学},
  address = {北京}
}
