@book{吴崇试,
  author = {吴崇试},
  title = {数学物理方法},
  year = {2019},
  month = {5},
  edition = {3},
  publisher = {北京大学出版社},
}
