@book{徐晓平,
  author = {徐晓平},
  title = {线性代数1讲义},
  year = {2023},
  month = {9},
  publisher = {中国科学院大学},
  address = {北京}
}

@book{koshy2006,
  author = {A.I.Kostrikin},
  title = {代数学引论},
  part = {1},
  translator = {张英伯},
  year = {2006},
  month = {12},
  publisher = {高等教育出版社},
  address = {北京}
}

@book{丘维声,
  author = {丘维声},
  title = {抽象代数基础},
  year = {2015},
  month = {8},
  publisher = {高等教育出版社},
  address = {北京}
}

@book{高等代数,
  author = {丘维声},
  title = {高等代数.上册},
  year = {2018},
  publisher = {清华大学出版社},
  address = {北京},
  month = {11}
}