
@book{FoM_BehzadRazavi,
  author = {Behzad Razavi},
  publisher = {University of California Press},
  edition = {2nd},
  title = {Fundamentals of Microelectronics},
  year = {2014},
}

@book{CMOS_BehzadRazavi,
  author = {Behzad Razavi},
  publisher = {McGraw-Hill Education},
  edition = {2nd},
  title = {Design of Analog CMOS  Integrated Circuits},
  year = {2017},
}











@inproceedings{Bonteanu_2018_ReviewCapacitanceMultiplication,
  title = {A {{Review}} of {{Capacitance Multiplication Techniques}}},
  booktitle = {2018 10th {{International Conference}} on {{Electronics}}, {{Computers}} and {{Artificial Intelligence}} ({{ECAI}})},
  author = {Bonteanu, Gabriel},
  year = {2018},
  pages = {1--4},
  doi = {10.1109/ECAI.2018.8678969},
  urldate = {2024-12-05},
  langid = {american},
  note = {\url{https://ieeexplore.ieee.org/document/8678969}}
}

@article{Padilla-Cantoya_2018_CapacitanceMultiplierLarge,
  title = {Capacitance Multiplier with Large Multiplication Factor, High Accuracy, and Low Power and Silicon Area for Floating Applications},
  author = {{Padilla-Cantoya}, Ivan and {Rizo-Dominguez}, Luis and {Molinar-Solis}, Jesus E.},
  year = {2018},
  journal = {IEICE Electronics Express},
  volume = {15},
  number = {3},
  pages = {20171191--20171191},
  doi = {10.1587/elex.15.20171191},
  note = {\url{https://doi.org/10.1587/elex.15.20171191}},
}

@article{Rincon-Mora_2000_ActiveCapacitorMultiplier,
  title = {Active Capacitor Multiplier in {{Miller-compensated}} Circuits},
  author = {{Rincon-Mora}, G.A.},
  year = {2000},
  journal = {IEEE Journal of Solid-State Circuits},
  volume = {35},
  number = {1},
  pages = {26--32},
  issn = {1558-173X},
  doi = {10.1109/4.818917},
  urldate = {2024-12-08},
  langid = {american},
  note = {\url{https://ieeexplore.ieee.org/document/818917}}
}
