@book{FoM_BehzadRazavi,
  author = {Behzad Razavi},
  publisher = {University of California Press},
  edition = {2nd},
  title = {Fundamentals of Microelectronics},
  year = {2014}
}

@book{CMOS_BehzadRazavi,
  author = {Behzad Razavi},
  publisher = {McGraw-Hill Education},
  edition = {2nd},
  title = {Design of Analog CMOS  Integrated Circuits},
  year = {2017}
}

@article{_1975_IEEEStandardGraphic,
  title = {{{IEEE Standard}} for {{Graphic Symbols}} for {{Electrical}} and {{Electronics Diagrams}} ({{Including Reference Designation Letters}})},
  year = {1975},
  journal = {IEEE Std 315-1975 (Reaffirmed 1993)},
  pages = {1--176},
  doi = {10.1109/IEEESTD.1975.8996120},
  urldate = {2024-12-06},
  langid = {american},
  note = {\url{https://ieeexplore.ieee.org/document/8996120}}
}

@article{_1993_IEEEStandardAmerican,
  title = {{{IEEE Standard American National Standard Canadian Standard Graphic Symbols}} for {{Electrical}} and {{Electronics Diagrams}} ({{Including Reference Designation Letters}})},
  year = {1993},
  journal = {IEEE Std 315-1975 (Reaffirmed 1993)},
  pages = {i-244},
  doi = {10.1109/IEEESTD.1993.93397},
  urldate = {2024-12-06},
  note = {\url{https://ieeexplore.ieee.org/document/985670}}
}
